<?xml version="1.0" encoding="UTF-8"?>
<SOAP-ENV:Envelope xmlns:SOAP-ENV="http://schemas.xmlsoap.org/soap/envelope/" xmlns:ns1="http://oss.dbc.dk/ns/openformat" xmlns:os="http://oss.dbc.dk/ns/opensearch" xmlns:dc="http://purl.org/dc/elements/1.1/" xmlns:dkabm="http://biblstandard.dk/abm/namespace/dkabm/" xmlns:ISO639-2="http://lcweb.loc.gov/standards/iso639-2/" xmlns:dcmitype="http://purl.org/dc/dcmitype/" xmlns:dcterms="http://purl.org/dc/terms/" xmlns:ac="http://biblstandard.dk/ac/namespace/" xmlns:dkdcplus="http://biblstandard.dk/abm/namespace/dkdcplus/" xmlns:oss="http://oss.dbc.dk/ns/osstypes" xmlns:marcx="info:lc/xmlns/marcxchange-v1" xmlns:xsi="http://www.w3.org/2001/XMLSchema-instance">
  <SOAP-ENV:Body>
    <ns1:formatRequest>
      <ns1:originalData>
        <os:collection>
          <os:resultPosition>1</os:resultPosition>
          <os:numberOfObjects>1</os:numberOfObjects>
          <os:object>
            <dkabm:record>
              <ac:identifier>06920330|870970</ac:identifier>
              <ac:source>undefined</ac:source>
              <dc:title>Find Holger på den eventyrlige rejse</dc:title>
              <dc:title xsi:type="dkdcplus:full">Find Holger på den eventyrlige rejse</dc:title>
              <dc:creator xsi:type="dkdcplus:aut">Martin Handford</dc:creator>
              <dc:creator xsi:type="oss:sort">Handford, Martin</dc:creator>
              <dc:subject xsi:type="dkdcplus:DK5-Text">Skønlitteratur</dc:subject>
              <dc:subject xsi:type="dkdcplus:genre">fiktion</dc:subject>
              <dc:subject xsi:type="dkdcplus:DBCS">gå på opdagelse</dc:subject>
              <dc:subject xsi:type="dkdcplus:DK5">sk</dc:subject>
              <dcterms:abstract>Billedbog om Holger der er på en eventyrlig rejse sammen med Troldmand Hvidskæg. På hvert af de 12 opslag gælder det om at finde Holger, Troldmand Hvidskæg og en skriftrulle</dcterms:abstract>
              <dc:description>Øverst på titelsiden: Holgers herligste eventyr!</dc:description>
              <dc:description>På omslaget: 3</dc:description>
              <dcterms:audience>børnematerialer</dcterms:audience>
              <dkdcplus:version>11. oplag</dkdcplus:version>
              <dc:publisher>Apostrof</dc:publisher>
              <dc:date>1996</dc:date>
              <dc:type xsi:type="dkdcplus:BibDK-Type">Billedbog</dc:type>
              <dc:format>alle illustreret i farver</dc:format>
              <dcterms:extent>28 sider</dcterms:extent>
              <dc:identifier xsi:type="dkdcplus:ISBN">87-591-0177-6</dc:identifier>
              <dc:source>Where's Wally? - the fantastic journey</dc:source>
              <dc:language xsi:type="dcterms:ISO639-2">dan</dc:language>
              <dc:language>Dansk</dc:language>
            </dkabm:record>
            <marcx:collection>
              <marcx:record format="danMARC2" type="Bibliographic">
                <marcx:leader>000000000000000000000000</marcx:leader>
                <marcx:datafield tag="001" ind1="0" ind2="0">
                  <marcx:subfield code="a">06920330</marcx:subfield>
                  <marcx:subfield code="b">870970</marcx:subfield>
                  <marcx:subfield code="c">20010128224732</marcx:subfield>
                  <marcx:subfield code="d">19890829</marcx:subfield>
                  <marcx:subfield code="f">a</marcx:subfield>
                  <marcx:subfield code="o">c</marcx:subfield>
                  <marcx:subfield code="t">FAUST</marcx:subfield>
                </marcx:datafield>
                <marcx:datafield tag="004" ind1="0" ind2="0">
                  <marcx:subfield code="r">n</marcx:subfield>
                  <marcx:subfield code="a">e</marcx:subfield>
                </marcx:datafield>
                <marcx:datafield tag="008" ind1="0" ind2="0">
                  <marcx:subfield code="t">m</marcx:subfield>
                  <marcx:subfield code="u">r</marcx:subfield>
                  <marcx:subfield code="a">1989</marcx:subfield>
                  <marcx:subfield code="z">1996</marcx:subfield>
                  <marcx:subfield code="b">dk</marcx:subfield>
                  <marcx:subfield code="d">z</marcx:subfield>
                  <marcx:subfield code="l">dan</marcx:subfield>
                  <marcx:subfield code="o">b</marcx:subfield>
                  <marcx:subfield code="v">0</marcx:subfield>
                </marcx:datafield>
                <marcx:datafield tag="009" ind1="0" ind2="0">
                  <marcx:subfield code="a">a</marcx:subfield>
                  <marcx:subfield code="g">xx</marcx:subfield>
                </marcx:datafield>
                <marcx:datafield tag="021" ind1="0" ind2="0">
                  <marcx:subfield code="a">87-591-0177-6</marcx:subfield>
                  <marcx:subfield code="c">ib.</marcx:subfield>
                  <marcx:subfield code="d">kr. 125,00</marcx:subfield>
                </marcx:datafield>
                <marcx:datafield tag="032" ind1="0" ind2="0">
                  <marcx:subfield code="a">DBF199609</marcx:subfield>
                  <marcx:subfield code="x">SFD199609</marcx:subfield>
                </marcx:datafield>
                <marcx:datafield tag="038" ind1="0" ind2="0">
                  <marcx:subfield code="a">bi</marcx:subfield>
                </marcx:datafield>
                <marcx:datafield tag="041" ind1="0" ind2="0">
                  <marcx:subfield code="a">dan</marcx:subfield>
                  <marcx:subfield code="c">eng</marcx:subfield>
                </marcx:datafield>
                <marcx:datafield tag="100" ind1="0" ind2="0">
                  <marcx:subfield code="0"/>
                  <marcx:subfield code="a">Handford</marcx:subfield>
                  <marcx:subfield code="h">Martin</marcx:subfield>
                </marcx:datafield>
                <marcx:datafield tag="241" ind1="0" ind2="0">
                  <marcx:subfield code="a">Where's Wally? - the fantastic journey</marcx:subfield>
                </marcx:datafield>
                <marcx:datafield tag="245" ind1="0" ind2="0">
                  <marcx:subfield code="a">Find Holger på den eventyrlige rejse</marcx:subfield>
                  <marcx:subfield code="e">[tekst og illustrationer] Martin Handford</marcx:subfield>
                  <marcx:subfield code="f">[oversat fra engelsk af Ole Thestrup]</marcx:subfield>
                </marcx:datafield>
                <marcx:datafield tag="250" ind1="0" ind2="0">
                  <marcx:subfield code="x">11. oplag</marcx:subfield>
                  <marcx:subfield code="b">÷</marcx:subfield>
                </marcx:datafield>
                <marcx:datafield tag="260" ind1="0" ind2="0">
                  <marcx:subfield code="a">Kbh.</marcx:subfield>
                  <marcx:subfield code="b">Apostrof</marcx:subfield>
                  <marcx:subfield code="k">trykt i udl.</marcx:subfield>
                  <marcx:subfield code="c">1996</marcx:subfield>
                </marcx:datafield>
                <marcx:datafield tag="300" ind1="0" ind2="0">
                  <marcx:subfield code="a">[28] sider</marcx:subfield>
                  <marcx:subfield code="b">alle ill. i farver</marcx:subfield>
                  <marcx:subfield code="c">33 cm</marcx:subfield>
                </marcx:datafield>
                <marcx:datafield tag="504" ind1="0" ind2="0">
                  <marcx:subfield code="a">Billedbog om Holger der er på en eventyrlig rejse sammen med Troldmand Hvidskæg. På hvert af de 12 opslag gælder det om at finde Holger, Troldmand Hvidskæg og en skriftrulle</marcx:subfield>
                </marcx:datafield>
                <marcx:datafield tag="512" ind1="0" ind2="0">
                  <marcx:subfield code="a">Øverst på titelsiden: Holgers herligste eventyr!</marcx:subfield>
                </marcx:datafield>
                <marcx:datafield tag="512" ind1="0" ind2="0">
                  <marcx:subfield code="a">På omslaget: 3</marcx:subfield>
                </marcx:datafield>
                <marcx:datafield tag="520" ind1="0" ind2="0">
                  <marcx:subfield code="a">Tidligere: 1. udgave. 1989</marcx:subfield>
                </marcx:datafield>
                <marcx:datafield tag="652" ind1="0" ind2="0">
                  <marcx:subfield code="n">83</marcx:subfield>
                  <marcx:subfield code="z">296</marcx:subfield>
                </marcx:datafield>
                <marcx:datafield tag="652" ind1="0" ind2="0">
                  <marcx:subfield code="o">sk</marcx:subfield>
                </marcx:datafield>
                <marcx:datafield tag="666" ind1="0" ind2="0">
                  <marcx:subfield code="s">gå på opdagelse</marcx:subfield>
                </marcx:datafield>
                <marcx:datafield tag="s10" ind1="0" ind2="0">
                  <marcx:subfield code="a">DBC</marcx:subfield>
                </marcx:datafield>
              </marcx:record>
            </marcx:collection>
<os:identifier>870970-basis:06920330</os:identifier>
            <os:formatsAvailable>
              <os:format>dkabm</os:format>
            </os:formatsAvailable>
          </os:object>
        </os:collection>
      </ns1:originalData>
      <ns1:outputFormat>bibliotekdkFullDisplay</ns1:outputFormat>
    </ns1:formatRequest>
  </SOAP-ENV:Body>
</SOAP-ENV:Envelope>
